% This file was created with JabRef 2.9.2.
% Encoding: ISO8859_1

% Order alphabetically
% Make sure all are consistent -- e.g. either all have Month or None do


@misc{banda2020largescale,
      title={A large-scale COVID-19 Twitter chatter dataset for open scientific research -- an international collaboration},
      author={Banda, Juan M. and Tekumalla, Ramya and Wang, Guanyu and Yu, Jingyuan and Liu, Tuo and Ding, Yuning and Artemova, Katya and Tutubalin–∞, Elena and Chowell, Gerardo},
      year={2021},
      eprint={2004.03688},
      archivePrefix={arXiv},
      primaryClass={cs.SI},
      url={https://arxiv.org/abs/2004.03688}
}


@book{eupublicopinion,
  title={Public Opinion on Covid-19 Vaccination in The EU 2020},
  url={https://ec.europa.eu/info/sites/default/files/covid-19_vaccination_in_the_eu_desk_research_eurobarometer.pdf},
  journal={Public opinion on Covid-19 vaccination in the EU},
  publisher={European Commission},
  year={2020},
  month={Dec}
}